%YAML 1.1
%TAG !u! tag:unity3d.com,2011:
--- !u!1001 &100100000
Prefab:
  m_ObjectHideFlags: 1
  serializedVersion: 2
  m_Modification:
    m_TransformParent: {fileID: 0}
    m_Modifications: []
    m_RemovedComponents: []
  m_ParentPrefab: {fileID: 0}
  m_RootGameObject: {fileID: 1592177482895408}
  m_IsPrefabParent: 1
--- !u!1 &1000429778202752
GameObject:
  m_ObjectHideFlags: 1
  m_PrefabParentObject: {fileID: 0}
  m_PrefabInternal: {fileID: 100100000}
  serializedVersion: 5
  m_Component:
  - component: {fileID: 4355143885051682}
  m_Layer: 9
  m_Name: Joint_3
  m_TagString: Untagged
  m_Icon: {fileID: 0}
  m_NavMeshLayer: 0
  m_StaticEditorFlags: 0
  m_IsActive: 1
--- !u!1 &1003067201066158
GameObject:
  m_ObjectHideFlags: 1
  m_PrefabParentObject: {fileID: 0}
  m_PrefabInternal: {fileID: 100100000}
  serializedVersion: 5
  m_Component:
  - component: {fileID: 4777825565949808}
  m_Layer: 9
  m_Name: Boca
  m_TagString: Untagged
  m_Icon: {fileID: 0}
  m_NavMeshLayer: 0
  m_StaticEditorFlags: 0
  m_IsActive: 1
--- !u!1 &1049158578430694
GameObject:
  m_ObjectHideFlags: 1
  m_PrefabParentObject: {fileID: 0}
  m_PrefabInternal: {fileID: 100100000}
  serializedVersion: 5
  m_Component:
  - component: {fileID: 4685267292089008}
  m_Layer: 9
  m_Name: Joint_4
  m_TagString: Untagged
  m_Icon: {fileID: 0}
  m_NavMeshLayer: 0
  m_StaticEditorFlags: 0
  m_IsActive: 1
--- !u!1 &1087829873617522
GameObject:
  m_ObjectHideFlags: 1
  m_PrefabParentObject: {fileID: 0}
  m_PrefabInternal: {fileID: 100100000}
  serializedVersion: 5
  m_Component:
  - component: {fileID: 4314092355569506}
  m_Layer: 9
  m_Name: Abdomen
  m_TagString: Untagged
  m_Icon: {fileID: 0}
  m_NavMeshLayer: 0
  m_StaticEditorFlags: 0
  m_IsActive: 1
--- !u!1 &1097475541590270
GameObject:
  m_ObjectHideFlags: 1
  m_PrefabParentObject: {fileID: 0}
  m_PrefabInternal: {fileID: 100100000}
  serializedVersion: 5
  m_Component:
  - component: {fileID: 4168372510095442}
  m_Layer: 9
  m_Name: CaldaCima
  m_TagString: Untagged
  m_Icon: {fileID: 0}
  m_NavMeshLayer: 0
  m_StaticEditorFlags: 0
  m_IsActive: 1
--- !u!1 &1102609184890336
GameObject:
  m_ObjectHideFlags: 1
  m_PrefabParentObject: {fileID: 0}
  m_PrefabInternal: {fileID: 100100000}
  serializedVersion: 5
  m_Component:
  - component: {fileID: 4462821869326338}
  m_Layer: 9
  m_Name: Joint_1
  m_TagString: Untagged
  m_Icon: {fileID: 0}
  m_NavMeshLayer: 0
  m_StaticEditorFlags: 0
  m_IsActive: 1
--- !u!1 &1136913771727136
GameObject:
  m_ObjectHideFlags: 1
  m_PrefabParentObject: {fileID: 0}
  m_PrefabInternal: {fileID: 100100000}
  serializedVersion: 5
  m_Component:
  - component: {fileID: 4210931917907856}
  m_Layer: 9
  m_Name: Joint_2_2
  m_TagString: Untagged
  m_Icon: {fileID: 0}
  m_NavMeshLayer: 0
  m_StaticEditorFlags: 0
  m_IsActive: 1
--- !u!1 &1148836673167688
GameObject:
  m_ObjectHideFlags: 1
  m_PrefabParentObject: {fileID: 0}
  m_PrefabInternal: {fileID: 100100000}
  serializedVersion: 5
  m_Component:
  - component: {fileID: 4746453069159200}
  m_Layer: 9
  m_Name: PontaCabeca
  m_TagString: Untagged
  m_Icon: {fileID: 0}
  m_NavMeshLayer: 0
  m_StaticEditorFlags: 0
  m_IsActive: 1
--- !u!1 &1155259875033772
GameObject:
  m_ObjectHideFlags: 1
  m_PrefabParentObject: {fileID: 0}
  m_PrefabInternal: {fileID: 100100000}
  serializedVersion: 5
  m_Component:
  - component: {fileID: 4552750332004424}
  m_Layer: 9
  m_Name: Peito
  m_TagString: Untagged
  m_Icon: {fileID: 0}
  m_NavMeshLayer: 0
  m_StaticEditorFlags: 0
  m_IsActive: 1
--- !u!1 &1155527170417898
GameObject:
  m_ObjectHideFlags: 1
  m_PrefabParentObject: {fileID: 0}
  m_PrefabInternal: {fileID: 100100000}
  serializedVersion: 5
  m_Component:
  - component: {fileID: 4447015936674074}
  - component: {fileID: 137662654233163096}
  m_Layer: 9
  m_Name: "Tubar\xE3o_MeshPart2"
  m_TagString: Untagged
  m_Icon: {fileID: 0}
  m_NavMeshLayer: 0
  m_StaticEditorFlags: 0
  m_IsActive: 1
--- !u!1 &1347145142718440
GameObject:
  m_ObjectHideFlags: 1
  m_PrefabParentObject: {fileID: 0}
  m_PrefabInternal: {fileID: 100100000}
  serializedVersion: 5
  m_Component:
  - component: {fileID: 4705902270796768}
  m_Layer: 9
  m_Name: Cabeca
  m_TagString: Untagged
  m_Icon: {fileID: 0}
  m_NavMeshLayer: 0
  m_StaticEditorFlags: 0
  m_IsActive: 1
--- !u!1 &1352624834696906
GameObject:
  m_ObjectHideFlags: 1
  m_PrefabParentObject: {fileID: 0}
  m_PrefabInternal: {fileID: 100100000}
  serializedVersion: 5
  m_Component:
  - component: {fileID: 4463951265621258}
  m_Layer: 9
  m_Name: "Tubar\xE3o"
  m_TagString: Untagged
  m_Icon: {fileID: 0}
  m_NavMeshLayer: 0
  m_StaticEditorFlags: 0
  m_IsActive: 1
--- !u!1 &1386800488116632
GameObject:
  m_ObjectHideFlags: 1
  m_PrefabParentObject: {fileID: 0}
  m_PrefabInternal: {fileID: 100100000}
  serializedVersion: 5
  m_Component:
  - component: {fileID: 4277592274780342}
  m_Layer: 9
  m_Name: Joint_3_2
  m_TagString: Untagged
  m_Icon: {fileID: 0}
  m_NavMeshLayer: 0
  m_StaticEditorFlags: 0
  m_IsActive: 1
--- !u!1 &1401922358379084
GameObject:
  m_ObjectHideFlags: 1
  m_PrefabParentObject: {fileID: 0}
  m_PrefabInternal: {fileID: 100100000}
  serializedVersion: 5
  m_Component:
  - component: {fileID: 4933865330160794}
  m_Layer: 9
  m_Name: Joint_4_2
  m_TagString: Untagged
  m_Icon: {fileID: 0}
  m_NavMeshLayer: 0
  m_StaticEditorFlags: 0
  m_IsActive: 1
--- !u!1 &1407852310266028
GameObject:
  m_ObjectHideFlags: 1
  m_PrefabParentObject: {fileID: 0}
  m_PrefabInternal: {fileID: 100100000}
  serializedVersion: 5
  m_Component:
  - component: {fileID: 4884381966843510}
  m_Layer: 9
  m_Name: Joint_3_3
  m_TagString: Untagged
  m_Icon: {fileID: 0}
  m_NavMeshLayer: 0
  m_StaticEditorFlags: 0
  m_IsActive: 1
--- !u!1 &1415468776903246
GameObject:
  m_ObjectHideFlags: 1
  m_PrefabParentObject: {fileID: 0}
  m_PrefabInternal: {fileID: 100100000}
  serializedVersion: 5
  m_Component:
  - component: {fileID: 4711322091947282}
  m_Layer: 9
  m_Name: CaldaBaixo
  m_TagString: Untagged
  m_Icon: {fileID: 0}
  m_NavMeshLayer: 0
  m_StaticEditorFlags: 0
  m_IsActive: 1
--- !u!1 &1592177482895408
GameObject:
  m_ObjectHideFlags: 0
  m_PrefabParentObject: {fileID: 0}
  m_PrefabInternal: {fileID: 100100000}
  serializedVersion: 5
  m_Component:
  - component: {fileID: 4566242865485236}
  - component: {fileID: 95582277236800678}
  - component: {fileID: 65972525621398722}
  m_Layer: 9
  m_Name: Tubarao
  m_TagString: Inimigo
  m_Icon: {fileID: 0}
  m_NavMeshLayer: 0
  m_StaticEditorFlags: 0
  m_IsActive: 1
--- !u!1 &1632845649524640
GameObject:
  m_ObjectHideFlags: 1
  m_PrefabParentObject: {fileID: 0}
  m_PrefabInternal: {fileID: 100100000}
  serializedVersion: 5
  m_Component:
  - component: {fileID: 4288337983642130}
  - component: {fileID: 137857326805110670}
  m_Layer: 9
  m_Name: "Tubar\xE3o_MeshPart5"
  m_TagString: Untagged
  m_Icon: {fileID: 0}
  m_NavMeshLayer: 0
  m_StaticEditorFlags: 0
  m_IsActive: 1
--- !u!1 &1637607658909318
GameObject:
  m_ObjectHideFlags: 1
  m_PrefabParentObject: {fileID: 0}
  m_PrefabInternal: {fileID: 100100000}
  serializedVersion: 5
  m_Component:
  - component: {fileID: 4591614501455020}
  m_Layer: 9
  m_Name: Pescoco
  m_TagString: Untagged
  m_Icon: {fileID: 0}
  m_NavMeshLayer: 0
  m_StaticEditorFlags: 0
  m_IsActive: 1
--- !u!1 &1638585845434834
GameObject:
  m_ObjectHideFlags: 1
  m_PrefabParentObject: {fileID: 0}
  m_PrefabInternal: {fileID: 100100000}
  serializedVersion: 5
  m_Component:
  - component: {fileID: 4822596525018422}
  m_Layer: 9
  m_Name: Nadadeira_R
  m_TagString: Untagged
  m_Icon: {fileID: 0}
  m_NavMeshLayer: 0
  m_StaticEditorFlags: 0
  m_IsActive: 1
--- !u!1 &1650619636711682
GameObject:
  m_ObjectHideFlags: 1
  m_PrefabParentObject: {fileID: 0}
  m_PrefabInternal: {fileID: 100100000}
  serializedVersion: 5
  m_Component:
  - component: {fileID: 4174316120336314}
  - component: {fileID: 137492220552081392}
  m_Layer: 9
  m_Name: "Tubar\xE3o_MeshPart1"
  m_TagString: Untagged
  m_Icon: {fileID: 0}
  m_NavMeshLayer: 0
  m_StaticEditorFlags: 0
  m_IsActive: 1
--- !u!1 &1673806632523540
GameObject:
  m_ObjectHideFlags: 1
  m_PrefabParentObject: {fileID: 0}
  m_PrefabInternal: {fileID: 100100000}
  serializedVersion: 5
  m_Component:
  - component: {fileID: 4486990331518098}
  - component: {fileID: 137917182559398380}
  m_Layer: 9
  m_Name: "Tubar\xE3o_MeshPart3"
  m_TagString: Untagged
  m_Icon: {fileID: 0}
  m_NavMeshLayer: 0
  m_StaticEditorFlags: 0
  m_IsActive: 1
--- !u!1 &1687788106173372
GameObject:
  m_ObjectHideFlags: 1
  m_PrefabParentObject: {fileID: 0}
  m_PrefabInternal: {fileID: 100100000}
  serializedVersion: 5
  m_Component:
  - component: {fileID: 4541881260220278}
  m_Layer: 9
  m_Name: Joint_2
  m_TagString: Untagged
  m_Icon: {fileID: 0}
  m_NavMeshLayer: 0
  m_StaticEditorFlags: 0
  m_IsActive: 1
--- !u!1 &1710879221296616
GameObject:
  m_ObjectHideFlags: 0
  m_PrefabParentObject: {fileID: 0}
  m_PrefabInternal: {fileID: 100100000}
  serializedVersion: 5
  m_Component:
  - component: {fileID: 4479742642244240}
  m_Layer: 9
  m_Name: Corpo
  m_TagString: Untagged
  m_Icon: {fileID: 0}
  m_NavMeshLayer: 0
  m_StaticEditorFlags: 0
  m_IsActive: 1
--- !u!1 &1762159654823840
GameObject:
  m_ObjectHideFlags: 1
  m_PrefabParentObject: {fileID: 0}
  m_PrefabInternal: {fileID: 100100000}
  serializedVersion: 5
  m_Component:
  - component: {fileID: 4094980904275734}
  m_Layer: 9
  m_Name: PontaBoca
  m_TagString: Untagged
  m_Icon: {fileID: 0}
  m_NavMeshLayer: 0
  m_StaticEditorFlags: 0
  m_IsActive: 1
--- !u!1 &1796191896757360
GameObject:
  m_ObjectHideFlags: 1
  m_PrefabParentObject: {fileID: 0}
  m_PrefabInternal: {fileID: 100100000}
  serializedVersion: 5
  m_Component:
  - component: {fileID: 4406954308712706}
  - component: {fileID: 137391476846938428}
  m_Layer: 9
  m_Name: "Tubar\xE3o_MeshPart4"
  m_TagString: Untagged
  m_Icon: {fileID: 0}
  m_NavMeshLayer: 0
  m_StaticEditorFlags: 0
  m_IsActive: 1
--- !u!1 &1855212989053072
GameObject:
  m_ObjectHideFlags: 1
  m_PrefabParentObject: {fileID: 0}
  m_PrefabInternal: {fileID: 100100000}
  serializedVersion: 5
  m_Component:
  - component: {fileID: 4105046447475692}
  m_Layer: 9
  m_Name: Nadadeira_L
  m_TagString: Untagged
  m_Icon: {fileID: 0}
  m_NavMeshLayer: 0
  m_StaticEditorFlags: 0
  m_IsActive: 1
--- !u!1 &1925449339465174
GameObject:
  m_ObjectHideFlags: 0
  m_PrefabParentObject: {fileID: 0}
  m_PrefabInternal: {fileID: 100100000}
  serializedVersion: 5
  m_Component:
  - component: {fileID: 4937858856210452}
  m_Layer: 9
  m_Name: Tubarao
  m_TagString: Untagged
  m_Icon: {fileID: 0}
  m_NavMeshLayer: 0
  m_StaticEditorFlags: 0
  m_IsActive: 1
--- !u!1 &1927365062891104
GameObject:
  m_ObjectHideFlags: 1
  m_PrefabParentObject: {fileID: 0}
  m_PrefabInternal: {fileID: 100100000}
  serializedVersion: 5
  m_Component:
  - component: {fileID: 4665835472857028}
  - component: {fileID: 137483671592506916}
  m_Layer: 9
  m_Name: "Tubar\xE3o_MeshPart0"
  m_TagString: Untagged
  m_Icon: {fileID: 0}
  m_NavMeshLayer: 0
  m_StaticEditorFlags: 0
  m_IsActive: 1
--- !u!1 &1937043031102292
GameObject:
  m_ObjectHideFlags: 1
  m_PrefabParentObject: {fileID: 0}
  m_PrefabInternal: {fileID: 100100000}
  serializedVersion: 5
  m_Component:
  - component: {fileID: 4854927511616042}
  m_Layer: 9
  m_Name: Estrutura
  m_TagString: Untagged
  m_Icon: {fileID: 0}
  m_NavMeshLayer: 0
  m_StaticEditorFlags: 0
  m_IsActive: 1
--- !u!4 &4094980904275734
Transform:
  m_ObjectHideFlags: 1
  m_PrefabParentObject: {fileID: 0}
  m_PrefabInternal: {fileID: 100100000}
  m_GameObject: {fileID: 1762159654823840}
  m_LocalRotation: {x: 0.016821608, y: -2.070515e-10, z: 3.483444e-12, w: 0.99985856}
  m_LocalPosition: {x: -3.3594788e-10, y: 8.662936e-15, z: -4.046419}
  m_LocalScale: {x: 1, y: 1, z: 1}
  m_Children: []
  m_Father: {fileID: 4777825565949808}
  m_RootOrder: 0
  m_LocalEulerAnglesHint: {x: 0, y: 0, z: 0}
--- !u!4 &4105046447475692
Transform:
  m_ObjectHideFlags: 1
  m_PrefabParentObject: {fileID: 0}
  m_PrefabInternal: {fileID: 100100000}
  m_GameObject: {fileID: 1855212989053072}
  m_LocalRotation: {x: -0.21066514, y: -0.7593175, z: -0.34408826, w: 0.5105491}
  m_LocalPosition: {x: 2.6232207, y: -0.4064149, z: 0.15579331}
  m_LocalScale: {x: 1, y: 1, z: 1}
  m_Children:
  - {fileID: 4541881260220278}
  m_Father: {fileID: 4591614501455020}
  m_RootOrder: 1
  m_LocalEulerAnglesHint: {x: 0, y: 0, z: 0}
--- !u!4 &4168372510095442
Transform:
  m_ObjectHideFlags: 1
  m_PrefabParentObject: {fileID: 0}
  m_PrefabInternal: {fileID: 100100000}
  m_GameObject: {fileID: 1097475541590270}
  m_LocalRotation: {x: -3.7681455e-17, y: 0.94380134, z: -0.3305133, w: 7.766263e-17}
  m_LocalPosition: {x: 1.194204e-16, y: 0.8062117, z: 1.5362831}
  m_LocalScale: {x: 1, y: 1, z: 1}
  m_Children:
  - {fileID: 4884381966843510}
  m_Father: {fileID: 4854927511616042}
  m_RootOrder: 1
  m_LocalEulerAnglesHint: {x: 0, y: 0, z: 0}
--- !u!4 &4174316120336314
Transform:
  m_ObjectHideFlags: 1
  m_PrefabParentObject: {fileID: 0}
  m_PrefabInternal: {fileID: 100100000}
  m_GameObject: {fileID: 1650619636711682}
  m_LocalRotation: {x: 0, y: 0, z: 0, w: 1}
  m_LocalPosition: {x: 0, y: 0, z: 0}
  m_LocalScale: {x: 1, y: 1, z: 1}
  m_Children: []
  m_Father: {fileID: 4463951265621258}
  m_RootOrder: 1
  m_LocalEulerAnglesHint: {x: 0, y: 0, z: 0}
--- !u!4 &4210931917907856
Transform:
  m_ObjectHideFlags: 1
  m_PrefabParentObject: {fileID: 0}
  m_PrefabInternal: {fileID: 100100000}
  m_GameObject: {fileID: 1136913771727136}
  m_LocalRotation: {x: 0.044011455, y: 0.16634198, z: -0.019447966, w: 0.98489344}
  m_LocalPosition: {x: -2.165734e-15, y: -2.165734e-15, z: -5.570181}
  m_LocalScale: {x: 1, y: 1, z: 1}
  m_Children:
  - {fileID: 4277592274780342}
  m_Father: {fileID: 4462821869326338}
  m_RootOrder: 0
  m_LocalEulerAnglesHint: {x: 0, y: 0, z: 0}
--- !u!4 &4277592274780342
Transform:
  m_ObjectHideFlags: 1
  m_PrefabParentObject: {fileID: 0}
  m_PrefabInternal: {fileID: 100100000}
  m_GameObject: {fileID: 1386800488116632}
  m_LocalRotation: {x: -0.08614805, y: -0.1588383, z: 0.39951733, w: 0.8987407}
  m_LocalPosition: {x: 4.331468e-15, y: 1.082867e-15, z: -5.425962}
  m_LocalScale: {x: 1, y: 1, z: 1}
  m_Children: []
  m_Father: {fileID: 4210931917907856}
  m_RootOrder: 0
  m_LocalEulerAnglesHint: {x: 0, y: 0, z: 0}
--- !u!4 &4288337983642130
Transform:
  m_ObjectHideFlags: 1
  m_PrefabParentObject: {fileID: 0}
  m_PrefabInternal: {fileID: 100100000}
  m_GameObject: {fileID: 1632845649524640}
  m_LocalRotation: {x: 0, y: 0, z: 0, w: 1}
  m_LocalPosition: {x: 0, y: 0, z: 0}
  m_LocalScale: {x: 1, y: 1, z: 1}
  m_Children: []
  m_Father: {fileID: 4463951265621258}
  m_RootOrder: 5
  m_LocalEulerAnglesHint: {x: 0, y: 0, z: 0}
--- !u!4 &4314092355569506
Transform:
  m_ObjectHideFlags: 1
  m_PrefabParentObject: {fileID: 0}
  m_PrefabInternal: {fileID: 100100000}
  m_GameObject: {fileID: 1087829873617522}
  m_LocalRotation: {x: 0.07106025, y: 0.038555305, z: 0.0028911005, w: 0.99672246}
  m_LocalPosition: {x: -0.0000000022295747, y: -1.8962128, z: 13.156477}
  m_LocalScale: {x: 1, y: 1, z: 1}
  m_Children:
  - {fileID: 4854927511616042}
  m_Father: {fileID: 4552750332004424}
  m_RootOrder: 0
  m_LocalEulerAnglesHint: {x: 0, y: 0, z: 0}
--- !u!4 &4355143885051682
Transform:
  m_ObjectHideFlags: 1
  m_PrefabParentObject: {fileID: 0}
  m_PrefabInternal: {fileID: 100100000}
  m_GameObject: {fileID: 1000429778202752}
  m_LocalRotation: {x: 0.044011455, y: -0.16634198, z: 0.019447966, w: 0.98489344}
  m_LocalPosition: {x: 4.331468e-15, y: -1.082867e-15, z: -5.570181}
  m_LocalScale: {x: 1, y: 1, z: 1}
  m_Children:
  - {fileID: 4685267292089008}
  m_Father: {fileID: 4541881260220278}
  m_RootOrder: 0
  m_LocalEulerAnglesHint: {x: 0, y: 0, z: 0}
--- !u!4 &4406954308712706
Transform:
  m_ObjectHideFlags: 1
  m_PrefabParentObject: {fileID: 0}
  m_PrefabInternal: {fileID: 100100000}
  m_GameObject: {fileID: 1796191896757360}
  m_LocalRotation: {x: 0, y: 0, z: 0, w: 1}
  m_LocalPosition: {x: 0, y: 0, z: 0}
  m_LocalScale: {x: 1, y: 1, z: 1}
  m_Children: []
  m_Father: {fileID: 4463951265621258}
  m_RootOrder: 4
  m_LocalEulerAnglesHint: {x: 0, y: 0, z: 0}
--- !u!4 &4447015936674074
Transform:
  m_ObjectHideFlags: 1
  m_PrefabParentObject: {fileID: 0}
  m_PrefabInternal: {fileID: 100100000}
  m_GameObject: {fileID: 1155527170417898}
  m_LocalRotation: {x: 0, y: 0, z: 0, w: 1}
  m_LocalPosition: {x: 0, y: 0, z: 0}
  m_LocalScale: {x: 1, y: 1, z: 1}
  m_Children: []
  m_Father: {fileID: 4463951265621258}
  m_RootOrder: 2
  m_LocalEulerAnglesHint: {x: 0, y: 0, z: 0}
--- !u!4 &4462821869326338
Transform:
  m_ObjectHideFlags: 1
  m_PrefabParentObject: {fileID: 0}
  m_PrefabInternal: {fileID: 100100000}
  m_GameObject: {fileID: 1102609184890336}
  m_LocalRotation: {x: 0.035344437, y: -0.16506189, z: 0.015766079, w: 0.98552364}
  m_LocalPosition: {x: 0.3696337, y: -0.31540453, z: -3.758889}
  m_LocalScale: {x: 1, y: 1, z: 1}
  m_Children:
  - {fileID: 4210931917907856}
  m_Father: {fileID: 4822596525018422}
  m_RootOrder: 0
  m_LocalEulerAnglesHint: {x: 0, y: 0, z: 0}
--- !u!4 &4463951265621258
Transform:
  m_ObjectHideFlags: 1
  m_PrefabParentObject: {fileID: 0}
  m_PrefabInternal: {fileID: 100100000}
  m_GameObject: {fileID: 1352624834696906}
  m_LocalRotation: {x: -6.1232336e-17, y: 1, z: -0.000000021855694, w: 6.123234e-17}
  m_LocalPosition: {x: -1.9306957e-10, y: -2.5993607e-15, z: -21.225391}
  m_LocalScale: {x: 1, y: 1, z: 1}
  m_Children:
  - {fileID: 4665835472857028}
  - {fileID: 4174316120336314}
  - {fileID: 4447015936674074}
  - {fileID: 4486990331518098}
  - {fileID: 4406954308712706}
  - {fileID: 4288337983642130}
  m_Father: {fileID: 4937858856210452}
  m_RootOrder: 0
  m_LocalEulerAnglesHint: {x: 0, y: 0, z: 0}
--- !u!4 &4479742642244240
Transform:
  m_ObjectHideFlags: 1
  m_PrefabParentObject: {fileID: 0}
  m_PrefabInternal: {fileID: 100100000}
  m_GameObject: {fileID: 1710879221296616}
  m_LocalRotation: {x: -6.123234e-17, y: 1, z: -6.123234e-17, w: 6.123234e-17}
  m_LocalPosition: {x: -4.0343366e-15, y: 10.173775, z: 22.367588}
  m_LocalScale: {x: 1, y: 1, z: 1}
  m_Children:
  - {fileID: 4591614501455020}
  m_Father: {fileID: 4566242865485236}
  m_RootOrder: 0
  m_LocalEulerAnglesHint: {x: 0, y: 0, z: 0}
--- !u!4 &4486990331518098
Transform:
  m_ObjectHideFlags: 1
  m_PrefabParentObject: {fileID: 0}
  m_PrefabInternal: {fileID: 100100000}
  m_GameObject: {fileID: 1673806632523540}
  m_LocalRotation: {x: 0, y: 0, z: 0, w: 1}
  m_LocalPosition: {x: 0, y: 0, z: 0}
  m_LocalScale: {x: 1, y: 1, z: 1}
  m_Children: []
  m_Father: {fileID: 4463951265621258}
  m_RootOrder: 3
  m_LocalEulerAnglesHint: {x: 0, y: 0, z: 0}
--- !u!4 &4541881260220278
Transform:
  m_ObjectHideFlags: 1
  m_PrefabParentObject: {fileID: 0}
  m_PrefabInternal: {fileID: 100100000}
  m_GameObject: {fileID: 1687788106173372}
  m_LocalRotation: {x: 0.035344437, y: 0.16506189, z: -0.015766079, w: 0.98552364}
  m_LocalPosition: {x: -0.3696337, y: -0.31540453, z: -3.758889}
  m_LocalScale: {x: 1, y: 1, z: 1}
  m_Children:
  - {fileID: 4355143885051682}
  m_Father: {fileID: 4105046447475692}
  m_RootOrder: 0
  m_LocalEulerAnglesHint: {x: 0, y: 0, z: 0}
--- !u!4 &4552750332004424
Transform:
  m_ObjectHideFlags: 1
  m_PrefabParentObject: {fileID: 0}
  m_PrefabInternal: {fileID: 100100000}
  m_GameObject: {fileID: 1155259875033772}
  m_LocalRotation: {x: -0.0082887355, y: -0.022994552, z: 0.00019182145, w: 0.99970126}
  m_LocalPosition: {x: -0.0000000021701139, y: -0.22250566, z: 8.67658}
  m_LocalScale: {x: 1, y: 1, z: 1}
  m_Children:
  - {fileID: 4314092355569506}
  m_Father: {fileID: 4591614501455020}
  m_RootOrder: 3
  m_LocalEulerAnglesHint: {x: 0, y: 0, z: 0}
--- !u!4 &4566242865485236
Transform:
  m_ObjectHideFlags: 1
  m_PrefabParentObject: {fileID: 0}
  m_PrefabInternal: {fileID: 100100000}
  m_GameObject: {fileID: 1592177482895408}
  m_LocalRotation: {x: 0, y: 1, z: 0, w: 0}
  m_LocalPosition: {x: -1.67, y: 0, z: 22.11}
  m_LocalScale: {x: 0.2, y: 0.2, z: 0.2}
  m_Children:
  - {fileID: 4479742642244240}
  - {fileID: 4937858856210452}
  m_Father: {fileID: 0}
  m_RootOrder: 0
  m_LocalEulerAnglesHint: {x: 0, y: 180, z: 0}
--- !u!4 &4591614501455020
Transform:
  m_ObjectHideFlags: 1
  m_PrefabParentObject: {fileID: 0}
  m_PrefabInternal: {fileID: 100100000}
  m_GameObject: {fileID: 1637607658909318}
  m_LocalRotation: {x: -0.047652107, y: -0.002136569, z: 0.000031665764, w: 0.99886173}
  m_LocalPosition: {x: -1.9305635e-10, y: -0.08381077, z: 11.168572}
  m_LocalScale: {x: 1, y: 1, z: 1}
  m_Children:
  - {fileID: 4705902270796768}
  - {fileID: 4105046447475692}
  - {fileID: 4822596525018422}
  - {fileID: 4552750332004424}
  m_Father: {fileID: 4479742642244240}
  m_RootOrder: 0
  m_LocalEulerAnglesHint: {x: 0, y: 0, z: 0}
--- !u!4 &4665835472857028
Transform:
  m_ObjectHideFlags: 1
  m_PrefabParentObject: {fileID: 0}
  m_PrefabInternal: {fileID: 100100000}
  m_GameObject: {fileID: 1927365062891104}
  m_LocalRotation: {x: 0, y: 0, z: 0, w: 1}
  m_LocalPosition: {x: 0, y: 0, z: 0}
  m_LocalScale: {x: 1, y: 1, z: 1}
  m_Children: []
  m_Father: {fileID: 4463951265621258}
  m_RootOrder: 0
  m_LocalEulerAnglesHint: {x: 0, y: 0, z: 0}
--- !u!4 &4685267292089008
Transform:
  m_ObjectHideFlags: 1
  m_PrefabParentObject: {fileID: 0}
  m_PrefabInternal: {fileID: 100100000}
  m_GameObject: {fileID: 1049158578430694}
  m_LocalRotation: {x: -0.08614805, y: 0.1588383, z: -0.39951733, w: 0.8987407}
  m_LocalPosition: {x: 2.165734e-15, y: -2.165734e-15, z: -5.425962}
  m_LocalScale: {x: 1, y: 1, z: 1}
  m_Children: []
  m_Father: {fileID: 4355143885051682}
  m_RootOrder: 0
  m_LocalEulerAnglesHint: {x: 0, y: 0, z: 0}
--- !u!4 &4705902270796768
Transform:
  m_ObjectHideFlags: 1
  m_PrefabParentObject: {fileID: 0}
  m_PrefabInternal: {fileID: 100100000}
  m_GameObject: {fileID: 1347145142718440}
  m_LocalRotation: {x: -0.27721128, y: -0.024607532, z: 0.0121209845, w: 0.96041733}
  m_LocalPosition: {x: 7.881231e-10, y: 0.846377, z: -10.789083}
  m_LocalScale: {x: 1, y: 1, z: 1}
  m_Children:
  - {fileID: 4777825565949808}
  - {fileID: 4746453069159200}
  m_Father: {fileID: 4591614501455020}
  m_RootOrder: 0
  m_LocalEulerAnglesHint: {x: 0, y: 0, z: 0}
--- !u!4 &4711322091947282
Transform:
  m_ObjectHideFlags: 1
  m_PrefabParentObject: {fileID: 0}
  m_PrefabInternal: {fileID: 100100000}
  m_GameObject: {fileID: 1415468776903246}
  m_LocalRotation: {x: -7.823152e-17, y: 0.9407966, z: 0.33897156, w: 3.648569e-17}
  m_LocalPosition: {x: 3.2481408e-16, y: -1.0368664, z: 1.9061502}
  m_LocalScale: {x: 1, y: 1, z: 1}
  m_Children:
  - {fileID: 4933865330160794}
  m_Father: {fileID: 4854927511616042}
  m_RootOrder: 0
  m_LocalEulerAnglesHint: {x: 0, y: 0, z: 0}
--- !u!4 &4746453069159200
Transform:
  m_ObjectHideFlags: 1
  m_PrefabParentObject: {fileID: 0}
  m_PrefabInternal: {fileID: 100100000}
  m_GameObject: {fileID: 1148836673167688}
  m_LocalRotation: {x: 0.30109364, y: 9.706319e-10, z: -3.0647307e-10, w: 0.9535946}
  m_LocalPosition: {x: 0.00000008873759, y: 7.857902, z: -8.022914}
  m_LocalScale: {x: 1, y: 1, z: 1}
  m_Children: []
  m_Father: {fileID: 4705902270796768}
  m_RootOrder: 1
  m_LocalEulerAnglesHint: {x: 0, y: 0, z: 0}
--- !u!4 &4777825565949808
Transform:
  m_ObjectHideFlags: 1
  m_PrefabParentObject: {fileID: 0}
  m_PrefabInternal: {fileID: 100100000}
  m_GameObject: {fileID: 1003067201066158}
  m_LocalRotation: {x: 0.29564908, y: -3.1596645e-10, z: 9.7786584e-11, w: 0.95529664}
  m_LocalPosition: {x: 5.0140506e-11, y: -0.040407006, z: -2.38243}
  m_LocalScale: {x: 1, y: 1, z: 1}
  m_Children:
  - {fileID: 4094980904275734}
  m_Father: {fileID: 4705902270796768}
  m_RootOrder: 0
  m_LocalEulerAnglesHint: {x: 0, y: 0, z: 0}
--- !u!4 &4822596525018422
Transform:
  m_ObjectHideFlags: 1
  m_PrefabParentObject: {fileID: 0}
  m_PrefabInternal: {fileID: 100100000}
  m_GameObject: {fileID: 1638585845434834}
  m_LocalRotation: {x: -0.21066514, y: 0.7593175, z: 0.34408826, w: 0.5105491}
  m_LocalPosition: {x: -2.6232207, y: -0.4064149, z: 0.15579331}
  m_LocalScale: {x: 1, y: 1, z: 1}
  m_Children:
  - {fileID: 4462821869326338}
  m_Father: {fileID: 4591614501455020}
  m_RootOrder: 2
  m_LocalEulerAnglesHint: {x: 0, y: 0, z: 0}
--- !u!4 &4854927511616042
Transform:
  m_ObjectHideFlags: 1
  m_PrefabParentObject: {fileID: 0}
  m_PrefabInternal: {fileID: 100100000}
  m_GameObject: {fileID: 1937043031102292}
  m_LocalRotation: {x: -0.009871954, y: 0.3212183, z: -0.0033675018, w: 0.94694775}
  m_LocalPosition: {x: 3.770591e-10, y: 0.31740323, z: 15.010916}
  m_LocalScale: {x: 1, y: 1, z: 1}
  m_Children:
  - {fileID: 4711322091947282}
  - {fileID: 4168372510095442}
  m_Father: {fileID: 4314092355569506}
  m_RootOrder: 0
  m_LocalEulerAnglesHint: {x: 0, y: 0, z: 0}
--- !u!4 &4884381966843510
Transform:
  m_ObjectHideFlags: 1
  m_PrefabParentObject: {fileID: 0}
  m_PrefabInternal: {fileID: 100100000}
  m_GameObject: {fileID: 1407852310266028}
  m_LocalRotation: {x: -2.7755576e-17, y: -2.9139664e-17, z: 6.4623478e-27, w: 1}
  m_LocalPosition: {x: -1.5762346e-15, y: -4.331468e-15, z: -11.779586}
  m_LocalScale: {x: 1, y: 1, z: 1}
  m_Children: []
  m_Father: {fileID: 4168372510095442}
  m_RootOrder: 0
  m_LocalEulerAnglesHint: {x: 0, y: 0, z: 0}
--- !u!4 &4933865330160794
Transform:
  m_ObjectHideFlags: 1
  m_PrefabParentObject: {fileID: 0}
  m_PrefabInternal: {fileID: 100100000}
  m_GameObject: {fileID: 1401922358379084}
  m_LocalRotation: {x: 4.9960036e-16, y: -2.0771954e-17, z: 1.03776756e-32, w: 1}
  m_LocalPosition: {x: -1.1509501e-15, y: -4.331468e-15, z: -7.861415}
  m_LocalScale: {x: 1, y: 1, z: 1}
  m_Children: []
  m_Father: {fileID: 4711322091947282}
  m_RootOrder: 0
  m_LocalEulerAnglesHint: {x: 0, y: 0, z: 0}
--- !u!4 &4937858856210452
Transform:
  m_ObjectHideFlags: 1
  m_PrefabParentObject: {fileID: 0}
  m_PrefabInternal: {fileID: 100100000}
  m_GameObject: {fileID: 1925449339465174}
  m_LocalRotation: {x: -6.123234e-17, y: 1, z: -6.123234e-17, w: 6.123234e-17}
  m_LocalPosition: {x: 2.1222985e-16, y: 0, z: -12.308257}
  m_LocalScale: {x: 1, y: 1, z: 1}
  m_Children:
  - {fileID: 4463951265621258}
  m_Father: {fileID: 4566242865485236}
  m_RootOrder: 1
  m_LocalEulerAnglesHint: {x: 0, y: 0, z: 0}
--- !u!65 &65972525621398722
BoxCollider:
  m_ObjectHideFlags: 1
  m_PrefabParentObject: {fileID: 0}
  m_PrefabInternal: {fileID: 100100000}
  m_GameObject: {fileID: 1592177482895408}
  m_Material: {fileID: 0}
  m_IsTrigger: 0
  m_Enabled: 1
  serializedVersion: 2
  m_Size: {x: 10, y: 40, z: 60}
  m_Center: {x: 0, y: 0, z: 0}
--- !u!95 &95582277236800678
Animator:
  serializedVersion: 3
  m_ObjectHideFlags: 1
  m_PrefabParentObject: {fileID: 0}
  m_PrefabInternal: {fileID: 100100000}
  m_GameObject: {fileID: 1592177482895408}
  m_Enabled: 1
  m_Avatar: {fileID: 9000000, guid: 262a27b8b954f934c91d4249e97dfe16, type: 3}
  m_Controller: {fileID: 9100000, guid: cd21f4680d0a21242887006fd5efae0f, type: 2}
  m_CullingMode: 1
  m_UpdateMode: 0
  m_ApplyRootMotion: 0
  m_LinearVelocityBlending: 0
  m_WarningMessage: 
  m_HasTransformHierarchy: 1
  m_AllowConstantClipSamplingOptimization: 1
--- !u!137 &137391476846938428
SkinnedMeshRenderer:
  m_ObjectHideFlags: 1
  m_PrefabParentObject: {fileID: 0}
  m_PrefabInternal: {fileID: 100100000}
  m_GameObject: {fileID: 1796191896757360}
  m_Enabled: 1
  m_CastShadows: 1
  m_ReceiveShadows: 1
  m_DynamicOccludee: 1
  m_MotionVectors: 1
  m_LightProbeUsage: 1
  m_ReflectionProbeUsage: 1
  m_Materials:
  - {fileID: 2100000, guid: 183a0cae25d15c6428710f74bc088623, type: 2}
  m_StaticBatchInfo:
    firstSubMesh: 0
    subMeshCount: 0
  m_StaticBatchRoot: {fileID: 0}
  m_ProbeAnchor: {fileID: 0}
  m_LightProbeVolumeOverride: {fileID: 0}
  m_ScaleInLightmap: 1
  m_PreserveUVs: 0
  m_IgnoreNormalsForChartDetection: 0
  m_ImportantGI: 0
  m_StitchLightmapSeams: 0
  m_SelectedEditorRenderState: 3
  m_MinimumChartSize: 4
  m_AutoUVMaxDistance: 0.5
  m_AutoUVMaxAngle: 89
  m_LightmapParameters: {fileID: 0}
  m_SortingLayerID: 0
  m_SortingLayer: 0
  m_SortingOrder: 0
  serializedVersion: 2
  m_Quality: 0
  m_UpdateWhenOffscreen: 0
  m_SkinnedMotionVectors: 1
  m_Mesh: {fileID: 4300008, guid: 262a27b8b954f934c91d4249e97dfe16, type: 3}
  m_Bones:
  - {fileID: 4591614501455020}
  - {fileID: 4705902270796768}
  - {fileID: 4777825565949808}
  - {fileID: 4094980904275734}
  - {fileID: 4746453069159200}
  - {fileID: 4105046447475692}
  - {fileID: 4541881260220278}
  - {fileID: 4355143885051682}
  - {fileID: 4685267292089008}
  - {fileID: 4822596525018422}
  - {fileID: 4462821869326338}
  - {fileID: 4210931917907856}
  - {fileID: 4277592274780342}
  - {fileID: 4552750332004424}
  - {fileID: 4314092355569506}
  - {fileID: 4854927511616042}
  - {fileID: 4711322091947282}
  - {fileID: 4933865330160794}
  - {fileID: 4168372510095442}
  - {fileID: 4884381966843510}
  m_BlendShapeWeights: []
  m_RootBone: {fileID: 4591614501455020}
  m_AABB:
    m_Center: {x: -0.14701557, y: -3.834147, z: 24.22636}
    m_Extent: {x: 14.149274, y: 8.655544, z: 27.735672}
  m_DirtyAABB: 0
--- !u!137 &137483671592506916
SkinnedMeshRenderer:
  m_ObjectHideFlags: 1
  m_PrefabParentObject: {fileID: 0}
  m_PrefabInternal: {fileID: 100100000}
  m_GameObject: {fileID: 1927365062891104}
  m_Enabled: 1
  m_CastShadows: 1
  m_ReceiveShadows: 1
  m_DynamicOccludee: 1
  m_MotionVectors: 1
  m_LightProbeUsage: 1
  m_ReflectionProbeUsage: 1
  m_Materials:
  - {fileID: 2100000, guid: 183a0cae25d15c6428710f74bc088623, type: 2}
  m_StaticBatchInfo:
    firstSubMesh: 0
    subMeshCount: 0
  m_StaticBatchRoot: {fileID: 0}
  m_ProbeAnchor: {fileID: 0}
  m_LightProbeVolumeOverride: {fileID: 0}
  m_ScaleInLightmap: 1
  m_PreserveUVs: 0
  m_IgnoreNormalsForChartDetection: 0
  m_ImportantGI: 0
  m_StitchLightmapSeams: 0
  m_SelectedEditorRenderState: 3
  m_MinimumChartSize: 4
  m_AutoUVMaxDistance: 0.5
  m_AutoUVMaxAngle: 89
  m_LightmapParameters: {fileID: 0}
  m_SortingLayerID: 0
  m_SortingLayer: 0
  m_SortingOrder: 0
  serializedVersion: 2
  m_Quality: 0
  m_UpdateWhenOffscreen: 0
  m_SkinnedMotionVectors: 1
  m_Mesh: {fileID: 4300000, guid: 262a27b8b954f934c91d4249e97dfe16, type: 3}
  m_Bones:
  - {fileID: 4591614501455020}
  - {fileID: 4705902270796768}
  - {fileID: 4777825565949808}
  - {fileID: 4094980904275734}
  - {fileID: 4746453069159200}
  - {fileID: 4105046447475692}
  - {fileID: 4541881260220278}
  - {fileID: 4355143885051682}
  - {fileID: 4685267292089008}
  - {fileID: 4822596525018422}
  - {fileID: 4462821869326338}
  - {fileID: 4210931917907856}
  - {fileID: 4277592274780342}
  - {fileID: 4552750332004424}
  - {fileID: 4314092355569506}
  - {fileID: 4854927511616042}
  - {fileID: 4711322091947282}
  - {fileID: 4933865330160794}
  - {fileID: 4168372510095442}
  - {fileID: 4884381966843510}
  m_BlendShapeWeights: []
  m_RootBone: {fileID: 4591614501455020}
  m_AABB:
    m_Center: {x: -2.8792734, y: 0.14004993, z: 8.388821}
    m_Extent: {x: 10.44971, y: 10.860167, z: 28.392334}
  m_DirtyAABB: 0
--- !u!137 &137492220552081392
SkinnedMeshRenderer:
  m_ObjectHideFlags: 1
  m_PrefabParentObject: {fileID: 0}
  m_PrefabInternal: {fileID: 100100000}
  m_GameObject: {fileID: 1650619636711682}
  m_Enabled: 1
  m_CastShadows: 1
  m_ReceiveShadows: 1
  m_DynamicOccludee: 1
  m_MotionVectors: 1
  m_LightProbeUsage: 1
  m_ReflectionProbeUsage: 1
  m_Materials:
  - {fileID: 2100000, guid: 183a0cae25d15c6428710f74bc088623, type: 2}
  m_StaticBatchInfo:
    firstSubMesh: 0
    subMeshCount: 0
  m_StaticBatchRoot: {fileID: 0}
  m_ProbeAnchor: {fileID: 0}
  m_LightProbeVolumeOverride: {fileID: 0}
  m_ScaleInLightmap: 1
  m_PreserveUVs: 0
  m_IgnoreNormalsForChartDetection: 0
  m_ImportantGI: 0
  m_StitchLightmapSeams: 0
  m_SelectedEditorRenderState: 3
  m_MinimumChartSize: 4
  m_AutoUVMaxDistance: 0.5
  m_AutoUVMaxAngle: 89
  m_LightmapParameters: {fileID: 0}
  m_SortingLayerID: 0
  m_SortingLayer: 0
  m_SortingOrder: 0
  serializedVersion: 2
  m_Quality: 0
  m_UpdateWhenOffscreen: 0
  m_SkinnedMotionVectors: 1
  m_Mesh: {fileID: 4300002, guid: 262a27b8b954f934c91d4249e97dfe16, type: 3}
  m_Bones:
  - {fileID: 4591614501455020}
  - {fileID: 4705902270796768}
  - {fileID: 4777825565949808}
  - {fileID: 4094980904275734}
  - {fileID: 4746453069159200}
  - {fileID: 4105046447475692}
  - {fileID: 4541881260220278}
  - {fileID: 4355143885051682}
  - {fileID: 4685267292089008}
  - {fileID: 4822596525018422}
  - {fileID: 4462821869326338}
  - {fileID: 4210931917907856}
  - {fileID: 4277592274780342}
  - {fileID: 4552750332004424}
  - {fileID: 4314092355569506}
  - {fileID: 4854927511616042}
  - {fileID: 4711322091947282}
  - {fileID: 4933865330160794}
  - {fileID: 4168372510095442}
  - {fileID: 4884381966843510}
  m_BlendShapeWeights: []
  m_RootBone: {fileID: 4591614501455020}
  m_AABB:
    m_Center: {x: -3.3340173, y: -0.3333764, z: 17.499815}
    m_Extent: {x: 7.68574, y: 12.920202, z: 35.354424}
  m_DirtyAABB: 0
--- !u!137 &137662654233163096
SkinnedMeshRenderer:
  m_ObjectHideFlags: 1
  m_PrefabParentObject: {fileID: 0}
  m_PrefabInternal: {fileID: 100100000}
  m_GameObject: {fileID: 1155527170417898}
  m_Enabled: 1
  m_CastShadows: 1
  m_ReceiveShadows: 1
  m_DynamicOccludee: 1
  m_MotionVectors: 1
  m_LightProbeUsage: 1
  m_ReflectionProbeUsage: 1
  m_Materials:
  - {fileID: 2100000, guid: 183a0cae25d15c6428710f74bc088623, type: 2}
  m_StaticBatchInfo:
    firstSubMesh: 0
    subMeshCount: 0
  m_StaticBatchRoot: {fileID: 0}
  m_ProbeAnchor: {fileID: 0}
  m_LightProbeVolumeOverride: {fileID: 0}
  m_ScaleInLightmap: 1
  m_PreserveUVs: 0
  m_IgnoreNormalsForChartDetection: 0
  m_ImportantGI: 0
  m_StitchLightmapSeams: 0
  m_SelectedEditorRenderState: 3
  m_MinimumChartSize: 4
  m_AutoUVMaxDistance: 0.5
  m_AutoUVMaxAngle: 89
  m_LightmapParameters: {fileID: 0}
  m_SortingLayerID: 0
  m_SortingLayer: 0
  m_SortingOrder: 0
  serializedVersion: 2
  m_Quality: 0
  m_UpdateWhenOffscreen: 0
  m_SkinnedMotionVectors: 1
  m_Mesh: {fileID: 4300004, guid: 262a27b8b954f934c91d4249e97dfe16, type: 3}
  m_Bones:
  - {fileID: 4591614501455020}
  - {fileID: 4705902270796768}
  - {fileID: 4777825565949808}
  - {fileID: 4094980904275734}
  - {fileID: 4746453069159200}
  - {fileID: 4105046447475692}
  - {fileID: 4541881260220278}
  - {fileID: 4355143885051682}
  - {fileID: 4685267292089008}
  - {fileID: 4822596525018422}
  - {fileID: 4462821869326338}
  - {fileID: 4210931917907856}
  - {fileID: 4277592274780342}
  - {fileID: 4552750332004424}
  - {fileID: 4314092355569506}
  - {fileID: 4854927511616042}
  - {fileID: 4711322091947282}
  - {fileID: 4933865330160794}
  - {fileID: 4168372510095442}
  - {fileID: 4884381966843510}
  m_BlendShapeWeights: []
  m_RootBone: {fileID: 4591614501455020}
  m_AABB:
    m_Center: {x: 3.7760277, y: 0.6900358, z: 3.2840853}
    m_Extent: {x: 10.096897, y: 11.816348, z: 25.575672}
  m_DirtyAABB: 0
--- !u!137 &137857326805110670
SkinnedMeshRenderer:
  m_ObjectHideFlags: 1
  m_PrefabParentObject: {fileID: 0}
  m_PrefabInternal: {fileID: 100100000}
  m_GameObject: {fileID: 1632845649524640}
  m_Enabled: 1
  m_CastShadows: 1
  m_ReceiveShadows: 1
  m_DynamicOccludee: 1
  m_MotionVectors: 1
  m_LightProbeUsage: 1
  m_ReflectionProbeUsage: 1
  m_Materials:
  - {fileID: 2100000, guid: 183a0cae25d15c6428710f74bc088623, type: 2}
  m_StaticBatchInfo:
    firstSubMesh: 0
    subMeshCount: 0
  m_StaticBatchRoot: {fileID: 0}
  m_ProbeAnchor: {fileID: 0}
  m_LightProbeVolumeOverride: {fileID: 0}
  m_ScaleInLightmap: 1
  m_PreserveUVs: 0
  m_IgnoreNormalsForChartDetection: 0
  m_ImportantGI: 0
  m_StitchLightmapSeams: 0
  m_SelectedEditorRenderState: 3
  m_MinimumChartSize: 4
  m_AutoUVMaxDistance: 0.5
  m_AutoUVMaxAngle: 89
  m_LightmapParameters: {fileID: 0}
  m_SortingLayerID: 0
  m_SortingLayer: 0
  m_SortingOrder: 0
  serializedVersion: 2
  m_Quality: 0
  m_UpdateWhenOffscreen: 0
  m_SkinnedMotionVectors: 1
  m_Mesh: {fileID: 4300010, guid: 262a27b8b954f934c91d4249e97dfe16, type: 3}
  m_Bones:
  - {fileID: 4591614501455020}
  - {fileID: 4705902270796768}
  - {fileID: 4777825565949808}
  - {fileID: 4094980904275734}
  - {fileID: 4746453069159200}
  - {fileID: 4105046447475692}
  - {fileID: 4541881260220278}
  - {fileID: 4355143885051682}
  - {fileID: 4685267292089008}
  - {fileID: 4822596525018422}
  - {fileID: 4462821869326338}
  - {fileID: 4210931917907856}
  - {fileID: 4277592274780342}
  - {fileID: 4552750332004424}
  - {fileID: 4314092355569506}
  - {fileID: 4854927511616042}
  - {fileID: 4711322091947282}
  - {fileID: 4933865330160794}
  - {fileID: 4168372510095442}
  - {fileID: 4884381966843510}
  m_BlendShapeWeights: []
  m_RootBone: {fileID: 4591614501455020}
  m_AABB:
    m_Center: {x: 5.4972057, y: 0.7752905, z: 15.724873}
    m_Extent: {x: 8.807683, y: 11.847663, z: 33.964214}
  m_DirtyAABB: 0
--- !u!137 &137917182559398380
SkinnedMeshRenderer:
  m_ObjectHideFlags: 1
  m_PrefabParentObject: {fileID: 0}
  m_PrefabInternal: {fileID: 100100000}
  m_GameObject: {fileID: 1673806632523540}
  m_Enabled: 1
  m_CastShadows: 1
  m_ReceiveShadows: 1
  m_DynamicOccludee: 1
  m_MotionVectors: 1
  m_LightProbeUsage: 1
  m_ReflectionProbeUsage: 1
  m_Materials:
  - {fileID: 2100000, guid: 183a0cae25d15c6428710f74bc088623, type: 2}
  m_StaticBatchInfo:
    firstSubMesh: 0
    subMeshCount: 0
  m_StaticBatchRoot: {fileID: 0}
  m_ProbeAnchor: {fileID: 0}
  m_LightProbeVolumeOverride: {fileID: 0}
  m_ScaleInLightmap: 1
  m_PreserveUVs: 0
  m_IgnoreNormalsForChartDetection: 0
  m_ImportantGI: 0
  m_StitchLightmapSeams: 0
  m_SelectedEditorRenderState: 3
  m_MinimumChartSize: 4
  m_AutoUVMaxDistance: 0.5
  m_AutoUVMaxAngle: 89
  m_LightmapParameters: {fileID: 0}
  m_SortingLayerID: 0
  m_SortingLayer: 0
  m_SortingOrder: 0
  serializedVersion: 2
  m_Quality: 0
  m_UpdateWhenOffscreen: 0
  m_SkinnedMotionVectors: 1
  m_Mesh: {fileID: 4300006, guid: 262a27b8b954f934c91d4249e97dfe16, type: 3}
  m_Bones:
  - {fileID: 4591614501455020}
  - {fileID: 4705902270796768}
  - {fileID: 4777825565949808}
  - {fileID: 4094980904275734}
  - {fileID: 4746453069159200}
  - {fileID: 4105046447475692}
  - {fileID: 4541881260220278}
  - {fileID: 4355143885051682}
  - {fileID: 4685267292089008}
  - {fileID: 4822596525018422}
  - {fileID: 4462821869326338}
  - {fileID: 4210931917907856}
  - {fileID: 4277592274780342}
  - {fileID: 4552750332004424}
  - {fileID: 4314092355569506}
  - {fileID: 4854927511616042}
  - {fileID: 4711322091947282}
  - {fileID: 4933865330160794}
  - {fileID: 4168372510095442}
  - {fileID: 4884381966843510}
  m_BlendShapeWeights: []
  m_RootBone: {fileID: 4591614501455020}
  m_AABB:
    m_Center: {x: -2.9113612, y: -0.49030256, z: 3.899746}
    m_Extent: {x: 7.51512, y: 8.251556, z: 26.191334}
  m_DirtyAABB: 0
